000003190 LDR   L ^^^^^nam^a22002531^^4500
000003190 001   L 000003190
000003190 003   L MiU
000003190 005   L 19880715000000.0
000003190 006   L m^^^^^^^^d^^^^^^^^
000003190 007   L cr^bn^---auaua
000003190 008   L 880715s1971^^^^sdua^^^^^^^^^|00000^eng^^
000003190 010   L $$a77030896
000003190 035   L $$a(RLIN)MIUG0217191-B
000003190 035   L $$a(CaOTULAS)159821718
000003190 035   L $$a(OCoLC)ocm00217191
000003190 040   L $$aDLC$$cDLC$$dMiU
000003190 043   L $$aa-ph---
000003190 0500  L $$aDS688.C65$$bK45
000003190 082   L $$a940.542/6
000003190 1001  L $$aKennedy, Milly Wood.
000003190 24510 L $$aCorregidor; glory ... ghosts ... and gold.
000003190 260   L $$a[New Underwood? S.D.,$$c1971]
000003190 300   L $$a255 p.$$billus.$$c21 cm.
000003190 538   L $$aMode of access: Internet.
000003190 650 0 L $$aWorld War, 1939-1945$$xCampaigns$$zPhilippines
000003190 651 0 L $$aCorregidor Island (Philippines)
000003190 8520  L $$aMiU$$bBUHR$$cGRAD$$hDS 688 .C65 K36
000003190 970   L $$aBK$$bBook
000003190 971   L $$aMiU
000003190 972   L $$c20040625
000003190 973   L $$aHT$$bavail_ht
000003190 973   L $$aAC$$bavail_circ
000003190 974   L $$umdp.39015006585908$$ric$$d20150530$$a39015006585908$$bBUHR$$cGRAD$$f01
000003190 998   L $$s9665
000003190 999   L $$aMDP$$b20$$c20090622$$lMIU01$$h0000
