000001327 LDR   L ^^^^^nam^a22002291^^4500
000001327 001   L 000001327
000001327 003   L MiU
000001327 005   L 19880715000000.0
000001327 006   L m^^^^^^^^d^^^^^^^^
000001327 007   L cr^bn^---auaua
000001327 008   L 880715s1970^^^^mauac^^^^^^^^^00000aeng^^
000001327 010   L $$a76130455
000001327 020   L $$a0262190834
000001327 035   L $$a(RLIN)MIUG0096852-B
000001327 035   L $$a(CaOTULAS)159819564
000001327 035   L $$a(OCoLC)ocm00096852
000001327 040   L $$aDLC$$cDLC$$dMiU
000001327 0500  L $$aNA749.S2$$bA43 1970
000001327 082   L $$a720/.924
000001327 1001  L $$aSafdie, Moshe,$$d1938-
000001327 24510 L $$aBeyond Habitat.$$cEdited by John Kettle.
000001327 260   L $$aCambridge, Mass.,$$bM.I.T. Press$$c[1970]
000001327 300   L $$a244 p.$$billus., ports.$$c24 cm.
000001327 538   L $$aMode of access: Internet.
000001327 8520  L $$aMiU$$bFINE$$hNA 749 .S13 A25$$xGift
000001327 8520  L $$aMiU$$bAAEL$$cBKS$$hNA 749 .S13 A25
000001327 8520  L $$aMiU$$bAAEL$$cBKS$$hNA 749 .S13 A25
000001327 8520  L $$aMiU$$bAAEL$$cBKS$$xNA 749 .S13 A25
000001327 970   L $$aBK$$bBook
000001327 970   L $$aBI$$bBiography
000001327 971   L $$aMiU
000001327 972   L $$c20040625
000001327 972   L $$c20040625
000001327 972   L $$c20040625
000001327 972   L $$c20040625
000001327 973   L $$aHT$$bavail_ht
000001327 973   L $$aAC$$bavail_circ
000001327 974   L $$a39015050706319$$bFINE$$f01
000001327 974   L $$umdp.39015006722360$$ric$$d20120225$$a39015006722360$$bAAEL$$cBKS$$f01
000001327 974   L $$umdp.39015007550992$$ric$$d20120226$$a39015049170726$$bAAEL$$cBKS$$f01
000001327 974   L $$umdp.39015047905156$$ric$$d20150530$$aB6874104$$bAAEL$$cBKS$$f01$$sEO
000001327 998   L $$s9665
000001327 999   L $$aMDP$$b20$$c20080127$$lMIU01$$h0000
